@Article{Barthes1966,
	author={Barthes, Roland},
	title={Introduction à l'analyse structurale des récits},
	year={1966},
	journal={Communications},
	volume={8},
	pages={1-27},
}

@Book{Blanchot1959,
	title={Le livre à venir},
	author={Blanchot, Maurice},
	lccn={a59008040},
	series={coll. Idées},
	year={1959},
	publisher={Gallimard}
}

@Book{Pingaud1992,
	title={Les Anneaux du manège. Ecriture et littérature},
	author={Pingaud, Bernard},
	series={coll. Folio-essais},
	year={1965-1992},
	publisher={Gallimard},
	pages={211-213},
}
@Book{Rabate2010,
	title={Le Roman et le sens de la vie},
	author={Rabate, Dominique},
	year={2010},
	publisher={Corti},
}
@book{Panofsky1983,
	author={Panofsky, Erwin},
	title={Idea. Contribution à l'histoire du concept de l'ancienne théorie de l'art},
	year={1983},
	publisher={Gallimard},
}

@book{Platon,
	author={Platon},
	title={La République},
}
@Book{Lukacs1916,
	author={Lukacs, Georg},
	title={La Théorie du roman},
	year={1920-1981},
	publisher={Denoël},
	note={Trad. de l'allemand (Hongrie) par Jean Clairevoye},
}

@Book{Auerbach1946,
	author={Auerbach, Erich},
	title={Mimésis. La représentation de la réalité dans la littérature occidentale},
	year={1946},
	publisher={Gallimard},
	series={coll. Tel (n\textdegree 14)},
	note={Trad. de l'allemand par Cornélius Heim},
}

@Book{Sallenave1991,
	author={Sallenave, Danièle},
	title={Le Don des morts. Sur la littérature},
	series={coll. Blanche},
	publisher={Gallimard},
	year={1991},
}

@misc{WikiRomanGrec,
	title = "Roman (littérature) --- {W}ikipedia{,} l'encyclopédie libre",
	year = "2018",
	url = "https://fr.wikipedia.org/wiki/Roman_(litt%C3%A9rature)",
	note = "[En ligne; dernier accès 11 janvier 2018]"
}
@misc{WikiGnothi,
	title = "\textit{Gnothi seauton} --- {W}ikipedia{,} l'encyclopédie libre",
	year = "2018",
	url = "https://fr.wikipedia.org/wiki/Gnothi_seauton",
	note = "[En ligne; dernier accès 13 janvier 2018]"
}
@misc{WikiTempus,
	title = "\textit{Tempus fugit} --- {W}ikipedia{,} l'encyclopédie libre",
	year = "2017",
	url = "https://fr.wikipedia.org/wiki/Tempus_fugit",
	note = "[En ligne; dernier accès 14 janvier 2018]"
}

@Book{Lallot1980,
	author={Aristote},
	title={La Poétique},
	publisher={Seuil},
	series={coll. ``Poétique''},
	year={1980 rééd. 2011},
	note={Texte, traduction, notes par Roselyne Dupont-Roc et Jean Lallot},
}
@Book{Chklovski1973,
	title={La Marche du cheval},
	author={Chklovski, Victor},
	year={1973},
	note={Traduction du russe par Michel Pétris},
	publisher={Editions Champ Libre},
}
@Book{Aristote,
	author={Aristote},
	title={La Poétique},
	publisher={Le Livre de Poche},
	series={coll. Les Classiques de Poche},
	year={1990},
	note={trad. du grec par Michel Magnien},
}
@Article{Revault1992,
	author={Revault d'Allonnes, Myriam},
	title={L'homme d'Aristote : animal mimétique, animal politique},
	journal={Les Cahiers du GRIF},
	volume={46},
	year={1992},
	pages={97-102}.
}

@book{Bergson1889,
	title={Essai sur les donn{\'e}es imm{\'e}diates de la conscience - Chapitre 2},
	author={Bergson, H. and Ehrsam, R.},
	series={GF},
	year={2013},
	publisher={Flammarion},
}
@book{Jankelevitch1980,
	title={Le Je-ne-sais-quoi et le presque-rien : 3, la volonté de vouloir},
	author={Jank{\'e}l{\'e}vitch, Vladimir},
	year={1980},
	publisher={Seuil}
}
@misc{Depraz2012,
	author={Depraz, Nathalie},
	title={La crise de l’humanité européenne
	et la philosophie, introduction, commentaire et traduction par Nathalie
	Depraz},
	year={2012},
	publisher={Edition numérique : Pierre Hidalgo},
	series={coll. dirigée par Laurence Hansen-Løve},
}

@Book{Sartre1945,
	author={Sartre, Jean-Paul},
	title={L'existentialisme est un humanisme},
	publisher={Gallimard},
	series={coll. Folio Essais (n\textdegree 284)},
	year={1996},
}
@Book{Charles1985,
	author={Charles, Michel},
	title={L'Arbre et la source},
	publisher={Seuil},
	series={coll. Poétique},
	year={1985},
}
@Book{Causse2016,
	title={Conversations avec Nathalie Sarraute},
	author={Rolande Causse},
	publisher={Seuil},
	series={coll. Sciences humaines},
	year={2016},
}
