@Article{Barthes1966,
	author={Barthes, Roland},
	title={Introduction à l'analyse structurale des récits},
	year={1966},
	journal={Communications},
	volume={8},
	pages={1-27},
}

@Book{Blanchot1959,
	title={Le livre à venir},
	author={Blanchot, Maurice},
	lccn={a59008040},
	series={coll. Idées},
	year={1959},
	publisher={Gallimard}
}

@Book{Pingaud1992,
	title={Les Anneaux du manège. Ecriture et littérature},
	author={Pingaud, Bernard},
	series={coll. Folio-essais},
	year={1965-1992},
	publisher={Gallimard},
	pages={211-213},
}
@Book{Rabate2010,
	title={Le Roman et le sens de la vie},
	author={Rabate, Dominique},
	year={2010},
	publisher={Corti},
}
@book{Panofsky1983,
	author={Panofsky, Erwin},
	title={Idea. Contribution à l'histoire du concept de l'ancienne théorie de l'art},
	year={1983},
	publisher={Gallimard},
}

@book{Platon,
	author={Platon},
	title={La République},
	note={Livre X},
}
@Book{Lukacs1916,
	author={Lukacs, Georg},
	title={La Théorie du roman},
	year={1920-1981},
	publisher={Denoël},
	note={Trad. de l'allemand (Hongrie) par Jean Clairevoye},
}

@Book{Auerbach1946,
	author={Auerbach, Erich},
	title={Mimésis. La représentation de la réalité dans la littérature occidentale},
	year={1946},
	publisher={Gallimard},
	series={coll. Tel (n\textdegree 14)},
	note={Trad. de l'allemand par Cornélius Heim},
}

@Book{Sallenave1991,
	author={Sallenave, Danièle},
	title={Le Don des morts. Sur la littérature},
	series={coll. Blanche},
	publisher={Gallimard},
	year={1991},
}

@misc{WikiRomanGrec,
	title = "Roman (littérature) --- {W}ikipedia{,} The Free Encyclopedia",
	year = "2018",
	url = "https://fr.wikipedia.org/wiki/Roman_(litt%C3%A9rature)",
	note = "[En ligne; dernier accès 11 janvier 2018]"
}

@Book{Lallot1980,
	author={Aristote},
	title={La Poétique},
	publisher={Seuil},
	series={coll. ``Poétique''},
	year={1980 rééd. 2011},
	note={Texte, traduction, notes par Roselyne Dupont-Roc et Jean Lallot},
}
@Book{Chklovski1973,
	title={La Marche du cheval},
	author={Chklovski, Victor},
	year={1973},
	note={Traduction du russe par Michel Pétris},
	publisher={Editions Champ Libre},
}
@Book{Aristote,
	author={Aristote},
	title={La Poétique},
	publisher={Le Livre de Poche},
	series={coll. Les Classiques de Poche},
	year={1990},
	note={trad. du grec par Michel Magnien},
}
@Article{Revault1992,
	author={Revault d'Allonnes, Myriam},
	title={L'homme d'Aristote : animal mimétique, animal politique},
	journal={Les Cahiers du GRIF},
	volume={46},
	year={1992},
	pages={97-102}.
}